%% @STRING{bssa = {Bull. Seismol. Soc. Am.}}
%% @STRING{cageo = {Computers \& Geosciences}}
%% @STRING{gji = {Geophys. J. Int.}}
%% @STRING{ig = {International Geophysics}}
%% @STRING{pageoph = {Pure Appl. Geophys.}}
%% @STRING{srl = {Seismological Research Letters}}
%% @STRING{cse = {Computing in Science \& Engineering}}

@STRING{bssa = {Bulletin of the Seismological Society of America}}
@STRING{cageo = {Computers \& Geosciences}}
@STRING{cse = {Computing in Science \& Engineering}}
@STRING{gji = {Geophysical Journal International}}
@STRING{ig = {International Geophysics}}
@STRING{pageoph = {Pure and Applied Geophysics}}
@STRING{srl = {Seismological Research Letters}}


@article{pytool,
  title={{A Python/Matplotlib Tool for Measuring Teleseismic Body Wave Arrival Times}},
  author={Lou, X. and van der Lee, S. and Lloyd, S. },
  journal={Seismological Research Letters, in revision},
  year={2012},
  publisher={Seismological Society of America}
}

@article{bungum1971,
Author = {Bungum, H and Husebye, ES},
Title = {{Errors in Time Delay Measurements}},
Journal = pageoph,
Year = {{1971}},
Volume = {{91}},
Number = {{8}},
Pages = {{56-70}},
DOI = {{10.1007/BF00879557}},
ISSN = {{0033-4553}},
Unique-ID = {{ISI:A1971K932200006}},
}

@article{obspy,
Author = {Beyreuther, M. and Barsch, R. and Krischer, L. and Megies, T. and Behr, Y. and Wassermann, J.},
Journal = srl,
Title = {{ObsPy: A Python Toolbox for Seismology}},
Year = {{2010}},
Volume = {{81}},
Number = {{3}},
Pages = {{530-533}},
Month = {{MAY-JUN}},
DOI = {{10.1785/gssrl.81.3.530}},
ISSN = {{0895-0695}},
Unique-ID = {{ISI:000277668500012}},
}


@article{matplotlib,
	Author = {Hunter, J.D.},
	Issn = {1521-9615},
	Journal = cse,
	Volume = {3},
	Number = {9},
	Pages = {90--95},
	Publisher = {IEEE Computer Society},
	Title = {{Matplotlib: A 2D Graphics Environment}},
	Year = {2007}}

@book{pybook,
	Address = {Berlin, Germany},
	Author = {Langtangen, H.P.},
	Isbn = {3540435085},
	Publisher = {Springer Verlag},
	Title = {{Python Scripting for Computational Science}},
	Year = {2004}}

@article{sac,
	Author = {Goldstein, P. and Dodge, D. and Firpo, M. and Minner, L.},
	Issn = {0074-6142},
	Journal = ig,
	Pages = {1613--1614},
	Publisher = {Elsevier},
	Title = {{SAC2000: Signal processing and analysis tools for seismologists and engineers}},
	Volume = {81},
	Year = {2003}}

@article{mccc,
	Author = {VanDecar, J. C. and Crosson, R. S.},
	Journal = bssa,
	Number = {1},
	Pages = {150--169},
	Publisher = {Seismol Soc America},
	Title = {{Determination of teleseismic relative phase arrival times using multi-channel cross-correlation and least squares}},
	Volume = {80},
	Year = {1990}}

@article{pavlis2010,
	Author = {Pavlis, G.L. and Vernon, F.L.},
	Issn = {0098-3004},
	Journal = cageo,
	Number = {7},
	Pages = {910--920},
	Publisher = {Elsevier},
	Title = {{Array processing of teleseismic body waves with the USArray}},
	Volume = {36},
	Year = {2010}}

@article{iasp91,
	Author = {Kennett, BLN and Engdahl, ER},
	Journal = gji,
	Number = {2},
	Pages = {429--465},
	Publisher = {Blackwell Publishing Ltd},
	Title = {{Traveltimes for global earthquake location and phase identification}},
	Volume = {105},
	Year = {1991}}
